<record><leader>00000cas a22000007a 4500</leader><controlfield tag="001">15681502</controlfield><controlfield tag="008">870513d18751uuupauwr ne      0    0eng d</controlfield><datafield ind1=" " ind2=" " tag="010"><subfield code="a">sn 87078213 </subfield></datafield><datafield ind1=" " ind2=" " tag="040"><subfield code="a">NPH</subfield><subfield code="b">eng</subfield><subfield code="c">NPH</subfield><subfield code="d">OCLCQ</subfield></datafield><datafield ind1=" " ind2=" " tag="042"><subfield code="a">msc</subfield></datafield><datafield ind1="0" ind2="0" tag="245"><subfield code="a">Kiskiminitas Valley press.</subfield></datafield><datafield ind1="3" ind2="0" tag="246"><subfield code="a">Valley press</subfield></datafield><datafield ind1=" " ind2=" " tag="260"><subfield code="a">Saltsburg, Pa. :</subfield><subfield code="b">Brown &amp; Lowe</subfield></datafield><datafield ind1=" " ind2=" " tag="300"><subfield code="a">v. ;</subfield><subfield code="c">64 cm.</subfield></datafield><datafield ind1=" " ind2=" " tag="310"><subfield code="a">Weekly</subfield></datafield><datafield ind1="1" ind2=" " tag="362"><subfield code="a">Began in 1875?</subfield></datafield><datafield ind1=" " ind2=" " tag="500"><subfield code="a">Also published in Avonmore and Apollo, Pa.</subfield></datafield><datafield ind1=" " ind2=" " tag="500"><subfield code="a">The word "Kiskiminitas" printed above masthead, &lt;Aug. 29, 1895&gt;.</subfield></datafield><datafield ind1=" " ind2=" " tag="588"><subfield code="a">Description based on: Vol. 16, no. 47 (Sept. 3, 1891).</subfield></datafield><datafield ind1=" " ind2=" " tag="752"><subfield code="a">United States</subfield><subfield code="b">Pennsylvania</subfield><subfield code="c">Indiana</subfield><subfield code="d">Saltsburg.</subfield></datafield><datafield ind1=" " ind2=" " tag="752"><subfield code="a">United States</subfield><subfield code="b">Pennsylvania</subfield><subfield code="c">Westmoreland</subfield><subfield code="d">Avonmore.</subfield></datafield><datafield ind1=" " ind2=" " tag="752"><subfield code="a">United States</subfield><subfield code="b">Pennsylvania</subfield><subfield code="c">Armstrong</subfield><subfield code="d">Apollo.</subfield></datafield></record>